<?xml version="1.0" encoding="UTF-8"?><collection xmlns="http://www.loc.gov/MARC21/slim"><record><leader>00386nam--2200133-i-4500</leader><controlfield tag="001">000044608</controlfield><controlfield tag="002">20161230</controlfield><controlfield tag="005">20161230201044</controlfield><controlfield tag="008">060222s1000------------r-----000-0-eng-d</controlfield><datafield ind1=" " ind2=" " tag="080"><subfield code="a">620.179.1:537.433.35</subfield></datafield><datafield ind1=" " ind2=" " tag="100"><subfield code="a">Thomas, Gareth And Goringe, Michael J</subfield></datafield><datafield ind1=" " ind2=" " tag="245"><subfield code="a">Transmission electron microscopy of materials</subfield></datafield><datafield ind1=" " ind2=" " tag="260"><subfield code="a">New York, John Wiley &amp; Sons, 1979, Xiv + 388p</subfield></datafield><datafield ind1=" " ind2=" " tag="852"><subfield code="a">47917</subfield></datafield></record></collection>